<record><leader>00000cas a2200000 a 4500</leader><controlfield tag="001">34999540</controlfield><controlfield tag="008">960627d189019uunyuwr ne      0    0eng c</controlfield><datafield ind1=" " ind2=" " tag="010"><subfield code="a">sn2001061861</subfield></datafield><datafield ind1=" " ind2=" " tag="040"><subfield code="a">VVW</subfield><subfield code="b">eng</subfield><subfield code="c">VVW</subfield><subfield code="d">NYS</subfield><subfield code="d">OCLCQ</subfield><subfield code="d">OCLCO</subfield></datafield><datafield ind1="1" ind2=" " tag="029"><subfield code="a">AU@</subfield><subfield code="b">000022959797</subfield></datafield><datafield ind1=" " ind2=" " tag="042"><subfield code="a">pcc</subfield></datafield><datafield ind1=" " ind2=" " tag="043"><subfield code="a">n-us-ny</subfield></datafield><datafield ind1="0" ind2="4" tag="245"><subfield code="a">The Paragraph.</subfield></datafield><datafield ind1=" " ind2=" " tag="260"><subfield code="a">Mamaroneck and Rye Neck, N.Y. :</subfield><subfield code="b">Paragraph Pub. Co.,</subfield><subfield code="c">1890-</subfield></datafield><datafield ind1=" " ind2=" " tag="300"><subfield code="a">v. :</subfield><subfield code="b">ill. ;</subfield><subfield code="c">56 cm.</subfield></datafield><datafield ind1=" " ind2=" " tag="310"><subfield code="a">Weekly</subfield></datafield><datafield ind1="0" ind2=" " tag="362"><subfield code="a">Vol. 1, no. 1 (Oct. 4, 1890)-</subfield><subfield code="z">Cf. Hufeland, O. Checklist of books ... relating to the counties of Westchester and Bronx.</subfield></datafield><datafield ind1="1" ind2=" " tag="362"><subfield code="a">Ceased before 1911.</subfield></datafield><datafield ind1=" " ind2=" " tag="500"><subfield code="a">Published every Saturday.</subfield></datafield><datafield ind1=" " ind2=" " tag="500"><subfield code="a">"Devoted to the interests of the Westchester shore."</subfield></datafield><datafield ind1=" " ind2=" " tag="500"><subfield code="a">Has pages devoted to New Rochelle, Mamaroneck and Larchmont &lt;1895&gt;.</subfield></datafield><datafield ind1="4" ind2=" " tag="510"><subfield code="a">Griffin, E.F. Westchester County and its people</subfield><subfield code="c">p. 280</subfield></datafield><datafield ind1=" " ind2=" " tag="515"><subfield code="a">Issues for &lt;Mar. 21, 1891-&gt; numbered &lt;Vol. 1, no. 1-&gt;. New Rochelle ed.</subfield></datafield><datafield ind1=" " ind2=" " tag="530"><subfield code="a">Available on microfilm at Mamaroneck Public Library (Mamaroneck edition) and New Rochelle Public Library (New Rochelle edition).</subfield></datafield><datafield ind1=" " ind2=" " tag="580"><subfield code="a">Separate editions published for Mamaroneck &lt;1890-&gt; New Rochelle &lt;1891-1894&gt;, Rye and Mamaroneck &lt;April 4, 1891-&gt;, Rye Neck and Larchmont &lt;1895&gt;. Volumes numbered differently.</subfield></datafield><datafield ind1=" " ind2=" " tag="580"><subfield code="a">Split into: Mamaroneck Paragraph, and: New Rochelle Paragraph.</subfield></datafield><datafield ind1=" " ind2="0" tag="651"><subfield code="a">Larchmont (N.Y.)</subfield><subfield code="v">Newspapers.</subfield></datafield><datafield ind1=" " ind2="0" tag="651"><subfield code="a">Mamaroneck</subfield><subfield code="v">Newspapers.</subfield></datafield><datafield ind1=" " ind2="0" tag="651"><subfield code="a">New Rochelle (N.Y.)</subfield><subfield code="v">Newspapers.</subfield></datafield><datafield ind1=" " ind2="0" tag="651"><subfield code="a">Rye (N.Y. : Town)</subfield><subfield code="v">Newspapers.</subfield></datafield><datafield ind1=" " ind2="0" tag="651"><subfield code="a">Westchester County (N.Y.)</subfield><subfield code="v">Newspapers.</subfield></datafield><datafield ind1=" " ind2=" " tag="752"><subfield code="a">United States</subfield><subfield code="b">New York</subfield><subfield code="c">Westchester</subfield><subfield code="d">Mamaroneck.</subfield></datafield><datafield ind1="0" ind2=" " tag="775"><subfield code="t">Paragraph</subfield><subfield code="b">Rye and Mamaroneck ed.</subfield></datafield><datafield ind1="0" ind2=" " tag="775"><subfield code="t">Paragraph</subfield><subfield code="b">Mamaroneck, Rye Neck, Larchmont ed.</subfield></datafield><datafield ind1="0" ind2=" " tag="775"><subfield code="t">Paragraph</subfield><subfield code="b">New Rochelle</subfield><subfield code="d">&lt;March 21, 1891-Jan. 20, 1894&gt;</subfield></datafield><datafield ind1="0" ind2="6" tag="785"><subfield code="a">T New Rochelle paragraph</subfield><subfield code="w">(DLC)sn2003060381</subfield><subfield code="w">(OCoLC)52516521</subfield></datafield><datafield ind1="0" ind2="6" tag="785"><subfield code="t">Mamaroneck paragraph</subfield><subfield code="w">(DLC)  2001061862</subfield><subfield code="w">(OCoLC)47860891</subfield></datafield></record>